@article{PhysRevB.87.075304,
  title = {Effect of symmetry reduction on the spin dynamics of (001)-oriented GaAs quantum wells},
  author = {English, D. J. and H\"ubner, J. and Eldridge, P. S. and Taylor, D. and Henini, M. and Harley, R. T. and Oestreich, M.},
  journal = {Phys. Rev. B},
  volume = {87},
  issue = {7},
  pages = {075304},
  numpages = {5},
  year = {2013},
  month = {Feb},
  publisher = {American Physical Society},
  doi = {10.1103/PhysRevB.87.075304},
  url = {https://link.aps.org/doi/10.1103/PhysRevB.87.075304}
}